@online{FiveStarLinkedData,
  author = {Berners-Lee, Tim},
  title = {What is 5 Star Linked Data?},
  year = 2014,
  url = {https://www.w3.org/community/webize/2014/01/17/what-is-5-star-linked-data/},
  urldate = {2025-03-17}
}